@Misc{Schuller15,
    author = {Frederic Schuller},
    title = {International Winter School on Gravity and Light 2015},
    howpublished = {\url{https://www.youtube.com/watch?v=7G4SqIboeig&list=PLFeEvEPtX_0S6vxxiiNPrJbLu9aK1UVC_}},
    month = {February},
    year = 2015
}

@misc{texstackexchange:manifolds,
  title = {Drawing manifolds in tikz},
  howpublished = {\url{https://tex.stackexchange.com/questions/382762/drawing-manifolds-in-tikz}},
  note = {Accessed: 02 Jun 2019 10:42:19 CEST}
}
